2067 3340
924 109 1024 156 335

95 230 213 285 apice
244 226 522 284 pubescente,
555 224 705 268 rbachi
736 227 898 285 fragili,
928 228 1080 286 glumis
1112 229 1240 276 dorso
1271 235 1470 274 convexis
1501 232 1856 279 lineari-setaceis

95 288 263 328 muticis
294 284 441 343 paleae
472 284 626 326 lamina
672 284 809 343 paullo
854 293 1098 346 superatis,
1144 288 1291 348 paleae
1323 291 1545 334 inferioris
1577 297 1710 337 arista
1740 294 1855 338 lami—

95 360 192 386 nam
224 342 354 401 duplo
386 352 632 401 superante.

142 426 181 462 S.
207 426 356 461 cereale.
407 427 511 461 Lem!
538 437 642 461 mser.
669 437 687 459 c
713 426 852 460 deserto
872 427 1123 472 Kirghisorum
1151 430 1185 463 in
1213 431 1307 465 herb.
1336 432 1379 474 ej·
1397 431 1598 477 cultumque
1616 445 1634 468 e
1658 434 1856 469 seminibus

234 473 271 507 in
298 472 438 507 deserto
465 473 566 507 lectis
592 473 627 506 in
656 473 748 507 hort.
776 474 922 518 Dorpat.

140 519 177 554 S.
203 524 418 554 montanum.
469 520 507 554 C.
533 520 654 554 Kocn!
689 520 771 553 olim
797 522 877 558 (nec
903 521 1052 565 Guss.)‚
1090 534 1183 556 nunc
1209 535 1250 558 ex
1276 524 1354 559 loco
1391 524 1500 559 natali
1525 526 1716 561 schedulae
1741 527 1856 572 ipsius

231 566 433 611 adscripto:
462 567 499 600 S.
528 566 656 611 fragile
683 566 720 600 C.
746 567 848 601 Kocu
874 568 913 601 in
939 569 1103 603 Ltmmea
1127 569 1229 614 XXI,
1258 582 1291 615 p.
1318 575 1396 606 428.

136 636 226 671 Hah.
252 637 288 670 in
314 634 570 681 provinciis
597 635 850 670 caucasicis
878 637 1061 676 [Armenia
1083 639 1218 674 rossica
1236 639 1270 672 in
1291 639 1429 674 deserto
1448 652 1499 685 pr.
1523 642 1854 678 Daratschitschak!

230 684 292 718 alt.
319 683 578 717 4000¹—5500‘
602 681 699 715 Julio
730 687 813 717 1837
841 683 896 723 (C.
922 685 1054 726 Kocu)]
1082 685 1190 729 inque
1218 686 1400 721 Sibiria
1426 688 1639 723 uralensi
1664 689 1699 723 iu
1726 690 1854 724 desert.

232 729 507 774 Kirghisorum!
533 729 606 768 (hb.
634 728 749 769 Lm).
777 730 830 771 Θ.

211 798 452 840 Proximum
477 797 520 840 S.
553 796 710 840 cereali
742 806 784 839 et
816 797 1115 841 verosimiliter
1146 803 1280 857 origo,
1314 799 1392 842 hoc
1418 804 1461 842 in
1484 802 1666 860 imperio
1697 808 1857 846 rossico

93 864 245 914 sponte
276 861 523 915 provenire,
557 859 790 913 opinionis:
825 872 973 898 verum
997 856 1144 898 rbachi
1176 857 1321 913 fragili
1343 858 1466 900 facile
1497 859 1706 903 distinctu
1736 878 1858 919 prae-

93 924 299 972 tereaque
330 916 480 972 glumis
527 915 851 972 angustioribus
897 917 1034 956 minus
1076 921 1307 972 conspicue
1336 916 1596 974 complicatis
1635 930 1678 962 et
1708 920 1856 976 paleae

91 972 245 1023 lamina
263 978 397 1016 arista
414 973 543 1032 duplo
566 989 642 1014 nec
661 982 728 1013 ter
746 981 963 1028 superata.
998 971 1205 1014 Nostrum
1221 989 1314 1015 cum
1333 973 1623 1032 descriptione
1647 977 1695 1019 cl.
1716 979 1856 1020 Boiss.

92 1036 354 1074 exactissima
387 1031 511 1090 plane
542 1034 755 1083 convenit,
789 1033 872 1070 nisi
894 1029 1007 1086 quod
1040 1029 1199 1088 glumas
1230 1030 1358 1073 flores
1391 1034 1704 1091 subaequantes
1737 1035 1855 1090 dicit,

91 1106 200 1146 quae
243 1090 510 1148 longitudine
543 1087 684 1144 paullo
725 1086 949 1129 variabiles
981 1092 1022 1130 in
1055 1093 1215 1131 nostris
1255 1092 1558 1148 speciminibus
1604 1093 1856 1151 quandoque

90 1151 220 1189 tertia
265 1156 387 1205 parte
430 1147 574 1203 paleae
621 1145 779 1187 lamina
824 1156 1099 1202 superantur.
1172 1147 1220 1201 S.
1261 1157 1502 1192 montanum
1536 1151 1663 1193 Guss.
1712 1152 1856 1195 radice

90 1210 272 1264 perenni
302 1205 453 1247 differt
486 1208 706 1262 aristaque
737 1203 884 1262 paleae
913 1203 1106 1247 laminam
1140 1217 1362 1263 aequante.

206 1263 252 1307 S.
283 1264 450 1306 cereale
482 1273 762 1322 spontaneum
795 1270 991 1306 auctores
1023 1263 1156 1306 florae
1188 1269 1380 1308 rossicae
1413 1282 1624 1324 nunquam
1655 1283 1856 1326 compro-

91 1322 272 1365 bavere:
312 1339 406 1364 nam
439 1329 486 1364 ut
517 1323 569 1364 de
602 1325 849 1378 synonymis
882 1338 1015 1380 supra
1046 1321 1098 1364 ad
1129 1322 1233 1365 alias
1273 1328 1438 1381 species
1470 1325 1662 1369 reductis
1693 1327 1855 1380 sileam,

91 1380 258 1423 Bessan
288 1382 457 1433 (Enum.
489 1398 528 1438 p.
561 1386 643 1435 41,
676 1379 759 1422 No.
798 1384 926 1430 1324)
958 1385 1001 1423 in
1036 1380 1214 1424 Podolia
1245 1382 1287 1424 id
1321 1387 1444 1440 quasi
1474 1393 1627 1442 sponte
1658 1400 1854 1428 crescere

88 1442 233 1496 itaque
263 1456 286 1481 e
319 1439 486 1482 cultura
517 1449 797 1498 propagatum
830 1439 962 1493 dixit,
1011 1440 1233 1482 Sennium
1266 1441 1481 1491 (Linnaea
1509 1443 1633 1496 XII,
1675 1460 1715 1501 p.
1751 1447 1854 1497 4159)

87 1507 281 1540 autorem
314 1497 495 1550 nullum,
536 1502 579 1540 in
612 1498 785 1540 deserto
817 1502 1224 1556 caucasico-caspico
1256 1499 1299 1542 S.
1334 1516 1523 1558 perenne
1554 1499 1672 1542 Hosr
1703 1517 1855 1560 prove-

88 1560 206 1611 nire,
238 1556 415 1611 habuit,
448 1557 493 1598 C.
529 1557 650 1599 Kocn
681 1557 750 1611 (ib.
784 1556 921 1610 XXI,
955 1573 994 1614 p.
1029 1560 1134 1607 427)
1167 1560 1210 1599 in
1243 1557 1442 1601 districtu
1474 1558 1670 1601 Lasistan
1703 1561 1853 1603 Arme·

85 1617 182 1666 niae
212 1620 404 1660 rossicae
435 1615 613 1657 finitimo
656 1616 832 1656 formam
856 1613 899 1656 S.
933 1615 1112 1658 cerealis
1145 1631 1190 1658 se
1222 1615 1380 1673 legisse
1410 1618 1633 1675 professus
1664 1621 1755 1676 ipse
1779 1628 1853 1662 aut

84 1681 358 1732 spontaneam
388 1681 462 1717 aut
492 1690 514 1716 e
538 1673 707 1717 cultura
739 1681 872 1715 ortam
906 1678 1199 1731 pronuntiavit
1229 1679 1462 1734 citavitque
1494 1675 1746 1731 Thirkeum,
1779 1681 1851 1735 qui

85 1736 319 1790 specimina
351 1732 465 1774 culta
498 1732 857 1791 promulgaverat.
922 1732 1066 1775 Patria
1091 1733 1135 1775 S.
1160 1733 1337 1775 cerealis
1360 1736 1558 1793 profecto
1590 1738 1736 1792 ignota
1758 1746 1850 1777 est:

85 1806 180 1832 nam
213 1800 255 1833 et
287 1792 444 1834 Cretae
476 1796 625 1848 negari
657 1789 799 1843 debet,
832 1794 1029 1847 quoniam
1063 1791 1107 1832 S.
1140 1796 1344 1834 creticum
1377 1792 1511 1836 Sum-1
1544 1792 1664 1836 herb.
1697 1803 1803 1836 eret.
1827 1810 1849 1835 a

85 1847 273 1890 KUN‘rfflo
306 1849 358 1892 ad
383 1848 427 1892 S.
452 1849 618 1892 cereale
650 1853 736 1890 rite
759 1848 982 1891 reductum
1005 1848 1119 1891 haud
1151 1849 1278 1892 dubie
1306 1850 1448 1907 planta
1481 1850 1592 1893 culta
1615 1861 1694 1905 est,
1725 1868 1849 1909 quam

85 1910 281 1949 monachi
324 1912 610 1965 promontorii
653 1906 820 1949 Maleca
863 1906 964 1960 <loci
1007 1907 1262 1960 Smssamm)
1307 1909 1483 1951 Smeaao
1535 1913 1627 1966 ipso
1671 1920 1848 1952 auctore

84 1965 236 2018 (Reice
264 1980 305 2009 n.
342 1965 472 2012 Creta
501 1967 539 2020 I,
568 1984 608 2025 p.
643 1967 745 2017 147)
777 1965 919 2009 colere
949 1965 1157 2008 solebant.

688 2097 834 2144 1029.
902 2096 1123 2142 Triticum.
1192 2098 1245 2143 L.

130 2194 238 2229 Tam.
263 2195 382 2229 Fuml.
408 2206 442 2238 p.
473 2199 548 2228 151.
577 2211 616 2218 —
645 2196 776 2229 Koma
803 2196 935 2229 Euam.
961 2195 992 2237 1,
1020 2207 1053 2240 p.
1079 2199 1146 2230 438
1173 2196 1260 2230 excl.
1287 2198 1369 2229 sect.
1393 2194 1454 2228 111.
1484 2211 1518 2219 —
1543 2193 1605 2228 Ns.
1629 2204 1709 2239 μη.
1733 2204 1846 2239 qerm.

222 2245 395 2275 naonocoe.
422 2242 454 2283 Ι,
480 2245 502 2274 t.
531 2247 585 2275 79.
614 2259 654 2265 —
681 2243 920 2286 Agropyrum.
967 2242 1032 2277 Ta.
1059 2243 1174 2278 Fund.
1200 2254 1234 2287 p.
1264 2247 1342 2279 152.
1371 2259 1411 2266 —-
1437 2240 1500 2275 Ns.
1526 2243 1550 2276 l.
1576 2252 1606 2275 c.
1633 2247 1657 2275 t.
1683 2245 1739 2279 80.

201 2319 403 2378 Spiculae
435 2320 682 2376 solitariae,
714 2323 913 2378 sessiles,
954 2320 1208 2381 plurissorae
1242 2338 1281 2365 v.
1312 2337 1442 2380 supra
1474 2319 1626 2363 florem
1657 2319 1844 2362 fertilem

83 2377 340 2422 rudimentis
372 2379 524 2422 florum
557 2380 770 2424 sterilium
802 2386 1056 2424 instructae.
1119 2379 1294 2422 Glumae
1326 2385 1379 2432 2,
1404 2378 1631 2437 ‚laterales
1691 2378 1846 2421 Paleae

83 2436 233 2480 rhachi
263 2437 520 2496 parallelae,
567 2443 768 2497 superior
811 2444 924 2483 serie
968 2435 1161 2482 ciliaruui
1201 2442 1425 2482 instructa.
1488 2437 1690 2481 Ovarium
1723 2441 1845 2495 apice

81 2495 279 2552 pilosum.
341 2495 456 2553 Styli
482 2501 508 2538 2
540 2496 830 2557 divergenteS,
861 2497 1055 2556 plumosi.
1117 2496 1349 2554 Caryopsis
1380 2495 1574 2554 oblonga,
1606 2494 1740 2538 libera
1771 2503 1846 2537 aut

83 2558 255 2610 saepius
287 2553 541 2601 adhaerens,

290 2679 427 2724 Soet.
461 2682 494 2726 1.
557 2683 800 2728 Cereale.
863 2684 1033 2727 Gaissss.
1063 2682 1209 2738 Spicil.
1240 2695 1342 2724 rum.
1373 2681 1424 2733 2,
1456 2697 1496 2738 p.
1529 2684 1627 2725 427.

198 2770 373 2815 Glumae
397 2777 679 2828 ventricosae,
718 2773 1086 2833 ovato-oblongae.
1148 2774 1380 2831 Caryopsis
1414 2771 1667 2830 plerumque
1688 2770 1840 2815 libera.

82 2829 212 2890 Spica
241 2831 499 2874 internodiis
531 2832 741 2879 rhacheos
772 2833 1033 2878 abbreviatis
1064 2835 1276 2890 contigua.
1336 2829 1614 2891 Monocarpa.
1909 2837 1912 2843 '

203 2919 239 2957 l.
274 2913 350 2956 -2‘,
379 2926 669 2956 monococcum
710 2912 778 2966 (L.
813 2914 935 2970 Spec.
969 2918 1071 2966 127)
1113 2915 1228 2971 spica
1272 2928 1295 2954 a
1325 2911 1462 2955 latere
1503 2927 1746 2971 compressa
1777 2911 1841 2952 di—

82 2969 221 3013 stiche
251 2970 487 3024 imbricata,
519 2971 667 3014 rhachi
688 2970 845 3029 fragili,
876 2972 1055 3030 spiculis
1076 2970 1286 3027 unifloris‚
1317 2969 1425 3013 flore
1445 2974 1624 3014 cristato
1647 2971 1841 3026 binisque

81 3032 248 3072 muticis
273 3029 605 3082 tabescentibus,
635 3029 789 3088 glumis
812 3031 1059 3074 bicarinatis
1080 3033 1201 3088 apice
1222 3028 1470 3084 bidentatis,
1500 3028 1700 3073 dentibus
1721 3042 1839 3071 erec·

81 3090 151 3135 tis.
212 3087 366 3147 Diagn.
398 3086 454 3131 ad
483 3091 656 3147 specim.
687 3088 787 3135 cult.
1206 3109 1214 3111 ⁴
