2067 3340
1036 129 1135 173 466

212 252 324 301 rium
355 256 563 313 glabrum,
595 252 715 308 stylis
738 267 866 309 supra
889 251 1008 291 basin
1041 250 1256 308 plumosiS,
1289 252 1388 309 pilis
1411 256 1667 307 compositis.
1729 254 1958 311 Caryopsis

213 317 361 369 libera,
393 330 416 355 a
447 312 581 353 latere
612 326 866 367 compressa,
899 308 1042 360 uvalis,
1075 310 1300 365 embryone
1334 310 1578 366 majusculo,

329 402 364 436 1.
425 394 476 435 L.
509 392 727 445 oryzoz‘des
759 390 875 442 (Son.
907 394 949 430 in
984 390 1065 432 Sw.
1103 391 1163 432 Fl.
1199 391 1293 433 Ina.
1326 405 1413 435 occ.
1446 392 1482 444 Ι,
1520 399 1559 448 ρ’.
1596 395 1694 441 132)
1725 393 1864 433 culmo
1897 396 1958 434 in-

212 458 335 497 fex-ne
368 451 601 501 radicante,
634 449 745 490 foliis
774 448 949 500 scabris,
980 448 1106 505 ligula
1137 449 1396 503 abbreviata,
1429 449 1625 506 panicula
1658 450 1813 507 patula,
1846 451 1958 492 flori-

212 513 286 553 bus
318 508 712 567 elliptico-oblongis
746 506 902 547 ciiiatis
937 507 1154 549 triandris.

254 593 293 626 L.
319 590 520 635 oryzoides.
569 578 671 624 Tam.
699 587 806 622 Me'm.
834 590 857 621 l.
885 599 915 621 c.
944 600 975 631 p.
1005 594 1080 622 171.
1104 606 1136 610 —
1158 587 1269 622 Rcun.
1296 590 1338 623 ic.
1355 589 1394 630 sl,
1418 591 1611 634 9erm.X1‚
1638 594 1659 622 t.
1689 595 1743 631 52,
1770 590 1828 633 fig.
1860 595 1956 625 1495.
2008 595 2010 598 “

352 655 392 659 -
437 638 475 670 S.
501 637 544 670 G.
573 637 693 669 GMEL.
720 636 765 669 1t.
794 636 870 675 111,
900 647 929 676 p.
956 642 1020 669 347
1048 637 1135 673 (sec.
1162 635 1300 668 WlLLD.
1327 646 1378 678 sp.
1404 639 1450 679 pl.
1477 638 1510 679 1,
1537 649 1568 679 p.
1595 639 1688 676 325).
1733 654 1772 659 —
1816 637 1957 670 Geossffl

348 684 553 717 Beschreib.
580 683 611 717 d.
640 683 748 714 [iuss.
775 682 819 714 R.
847 682 927 721 111,
964 686 996 713 4.
1023 694 1054 725 p.
1083 685 1158 715 679.
1202 697 1242 702 —
1287 682 1423 715 Bessan
1448 684 1579 716 Enum.
1609 695 1641 727 p.
1670 688 1702 723 5,
1731 682 1796 715 No.
1824 688 1878 716 63.
1917 700 1956 705 —-

346 731 484 763 E1cmv,
513 730 651 763 Slez'zze
676 740 706 772 p.
736 733 810 761 115.
842 745 875 750 -
909 728 1054 761 WfflNM.
1083 729 1135 761 Fe.
1161 730 1332 770 φαίνομαί.
1359 740 1392 772 p.
1421 735 1472 762 10.
1498 748 1541 752 -
1568 729 1800 764 Hominem!
1831 730 1958 763 Euam.

344 777 498 809 Taliisch
523 787 553 819 p.
582 781 635 809 20.
661 792 704 797 —-
732 774 842 808 VVAGE
867 775 924 807 Fe.
951 776 1074 816 pol-ska
1101 775 1134 814 1,
1163 786 1195 817 p.
1227 778 1300 807 182.

253 824 420 867 Asprella
445 822 644 865 oryzoides.
694 822 817 853 ΗὸΡΡΤ
845 821 918 854 Cat.
947 821 1068 853 Kurslc
1094 832 1125 864 p.
1155 826 1185 853 5.

254 882 344 915 flab.
369 881 405 913 in
431 879 596 913 Rossia
622 878 766 911 media
794 878 988 921 [Petropoli
1015 879 1194 919 (wewam,
1223 879 1370 919 Taum),
1400 877 1588 911 Lithuania
1615 878 1774 917 (Besa),
1810 878 1958 911 Polonia

343 928 503 967 (wios),
531 925 730 968 Volliynia!
756 925 890 966 (Bess,
918 925 1100 967 lemnum),
1130 925 1282 958 Uerania
1310 925 1384 962 (hb.
1411 924 1551 965 Bono),
1580 924 1700 956 Kursk
1725 925 1897 964 (Hori-w]
1925 929 1958 957 et

342 974 378 1006 iu
408 971 667 1016 pfiovinciis
695 971 956 1005 caucasicis
983 972 1119 1010 (Tr-nv.)
1148 972 1204 1010 [ad
1234 983 1274 1004 m.
1303 971 1458 1015 cuspium
1487 970 1540 1008 (S.
1568 970 1612 1005 G.
1642 970 1805 1012 GMEL.),
1845 970 1956 1003 territ.

343 1019 612 1086 Eiisabcthpoi!
640 1019 916 1058 (Romame-Q}
944 1023 978 1056 21.

735 1147 876 1190 1096.
945 1146 1275 1206 Hydropyrum.
1344 1147 1428 1190 Lx.

249 1247 354 1281 Tam.
380 1247 419 1280 in
439 1245 548 1279 Μόνη.
574 1246 615 1278 de
632 1246 759 1278 l'Acad.
787 1246 828 1278 de
845 1246 899 1278 St.
919 1243 1076 1278 I'e'tersb.
1106 1247 1154 1279 VI
1178 1244 1254 1279 δάν.
1282 1249 1308 1279 5
1328 1247 1407 1278 Bot.
1435 1257 1465 1288 p.
1496 1250 1570 1281 183.
1599 1264 1637 1269 -
1670 1246 1758 1282 Κτιι,
1786 1256 1899 1280 enum.
1920 1247 1954 1287 1,

345 1306 376 1337 p.
402 1298 421 1326 9
448 1298 482 1325 et
506 1293 627 1334 Suppl.
655 1303 686 1334 p.
715 1297 745 1332 7,
773 1295 796 1324 t.
825 1299 857 1333 1,
884 1291 940 1334 fig.
971 1297 998 1324 l.

319 1359 518 1416 Spiculae
552 1358 775 1412 unissorae,
807 1359 984 1413 floribus
1013 1363 1237 1412 monoecis,
1271 1364 1539 1416 superiorum
1572 1377 1781 1401 ramorum
1814 1361 1958 1401 foemi-

204 1423 308 1461 neis.
373 1417 550 1458 Glumae
595 1415 826 1459 abortivae.
890 1417 1014 1457 Palea
1062 1420 1243 1459 inferior
1288 1418 1707 1471 lineari-attenuata,
1759 1434 1956 1461 convexo-

202 1480 404 1528 carinata,
439 1475 770 1527 membranacea,
804 1490 1010 1527 nervosa,
1043 1480 1164 1532 apice
1197 1480 1238 1517 in
1271 1485 1296 1528 ῼ
1330 1476 1495 1533 longius
1528 1481 1725 1528 aristata,
1759 1481 1957 1534 superior

205 1538 424 1577 trinervis.
485 1533 675 1574 Stamina
706 1537 745 1574 6.
808 1533 1010 1574 Ovarium
1044 1533 1251 1590 glabrum,
1288 1534 1409 1590 stylis
1442 1551 1570 1592 supra
1606 1535 1721 1576 basin
1754 1535 1955 1591 plumosis

201 1608 225 1633 e
257 1593 348 1634 basi
376 1591 499 1633 floris
533 1590 800 1648 prominulis.
863 1591 1092 1649 Caryopsis
1125 1592 1307 1644 „uben-a,
1340 1592 1537 1647 linearis,
1570 1602 1709 1646 teres,
1742 1594 1859 1635 sulco
1891 1609 1956 1634 ex-

200 1659 333 1704 arata,
366 1649 592 1705 embryone
624 1650 892 1705 majusculo“.

320 1736 354 1771 1.
418 1730 473 1772 H.
507 1729 753 1786 latifolium:
785 1729 983 1787 panicula
1005 1740 1182 1787 anguste
1206 1730 1483 1788 pyramidata,
1518 1735 1644 1773 ramis
1676 1732 1953 1772 inferioribus

200 1787 459 1846 patentibus,
491 1789 781 1845 superioribus
814 1788 1119 1842 erectiuseuHs,
1153 1789 1373 1845 pedicellis
1397 1790 1588 1833 omnibus
1622 1793 1739 1846 apice
1764 1794 1805 1830 in
1829 1805 1955 1846 cupu-

199 1847 279 1888 lam
311 1850 514 1888 minutam
546 1846 780 1903 annpliatis,
823 1846 928 1888 cailo
962 1846 1258 1904 pilosiusculo,
1304 1847 1484 1890 ssot-ibus
1524 1848 1716 1889 omnibus
1749 1851 1953 1901 aristatis,

200 1904 394 1946 masculis
426 1908 599 1946 aristam
633 1904 761 1962 duplo
793 1906 1107 1962 superantibus,
1141 1908 1362 1948 foemineis
1395 1911 1479 1964 Ipsi
1510 1906 1787 1963 aequilongis'.

244 1986 394 2019 zizania
418 1986 579 2020 latifolia.
629 1987 782 2020 'runem
809 1987 885 2021 cae.
917 1989 1054 2021 [tamuz.
1082 1975 1147 2021 No'.
1180 1994 1276 2022 1337.

244 2032 478 2067 Limnochloa
504 2032 725 2068 caduciflora.
773 2034 924 2068 Tusca!
950 2047 1004 2078 ap.
1032 2035 1185 2068 Tamce.
1212 2046 1241 2068 ο.
1269 2041 1346 2069 185.

245 2091 338 2124 Hah.
365 2092 401 2124 in
428 2091 627 2125 Davuria
651 2091 688 2124 in
716 2091 793 2124 lacu
820 2091 862 2124 ad
890 2091 1137 2125 confluentiam
1165 2092 1198 2127 fl.
1226 2091 1371 2125 Schilka
1398 2096 1432 2125 et
1457 2090 1601 2134 Argun!
1626 2091 1805 2132 (runca).
1830 2097 1866 2131 21.

314 2146 487 2188 Tamus
509 2146 615 2188 hanc
640 2146 822 2204 plantam
854 2164 947 2189 cum
971 2146 1023 2189 Η.
1047 2146 1260 2188 esculento
1284 2146 1415 2204 (quod
1439 2147 1635 2188 conferre
1659 2163 1740 2187 non
1763 2148 1952 2204 possum)

200 2203 447 2246 dubitanter
468 2210 712 2261 conjunxit:
746 2205 820 2247 sed
845 2223 865 2247 a
890 2206 1176 2262 descriptione
1202 2205 1442 2247 Kunthiana
1465 2204 1576 2246 clare
1605 2204 1802 2246 distincta
1836 2203 1951 2246 vide-

200 2272 272 2303 tur
302 2279 339 2304 e.
372 2279 408 2306 c.
442 2262 618 2305 floribus
653 2264 844 2305 masculis
877 2268 1095 2320 aristatis,
1141 2280 1275 2321 neque
1318 2277 1420 2307 vero
1451 2262 1577 2320 ligula
1615 2262 1826 2304 fimbriata
1858 2278 1950 2303 cum

198 2319 341 2362 TR1N10
373 2320 420 2373 (l.
453 2324 509 2373 c.)
542 2322 804 2364 distinxerim
848 2332 1062 2374 nostram,
1107 2327 1172 2363 cui
1219 2321 1347 2379 ligula
1386 2322 1620 2379 producta,
1663 2320 1762 2376 pilis
1803 2323 1950 2376 paucis

199 2376 389 2420 deciduis
421 2378 577 2423 ciliata.
639 2380 706 2422 An
737 2380 888 2437 glumis
921 2379 1122 2432 recedat,
1156 2380 1394 2437 dijudicare
1425 2396 1507 2421 non
1540 2393 1733 2436 possum:
1765 2387 1951 2430 nostrae,

198 2439 266 2476 cui
308 2436 494 2493 spinulae
538 2437 871 2493 caducissimae,
915 2443 955 2480 in
1000 2438 1197 2494 pedicelli
1245 2443 1364 2495 apice
1395 2440 1590 2495 persistit
1630 2435 1811 2493 cupula,
1855 2451 1949 2478 cum

200 2491 490 2551 descriptione
508 2495 678 2554 =glumae
700 2498 918 2539 abortivae
940 2513 1141 2553 congrua,
1171 2505 1214 2538 at
1235 2500 1275 2537 in
1300 2506 1477 2552 utroque
1502 2511 1601 2536 sexu
1625 2493 1757 2536 obvia.
1821 2493 1949 2535 Prae-

200 2558 318 2593 terea
350 2553 535 2610 spinulae
567 2559 700 2612 ipsius
733 2556 858 2608 basis,
892 2555 1054 2597 sellioet
1086 2555 1218 2596 callus
1252 2553 1538 2595 membranula
1572 2556 1614 2594 in
1646 2551 1740 2593 cilia
1772 2553 1865 2593 fere
1897 2550 1948 2592 ad

199 2607 315 2650 basin
349 2611 483 2654 soluta
515 2616 725 2669 cingitur,
764 2630 870 2670 quae
904 2618 1033 2670 magis
1065 2629 1156 2655 cum
1187 2612 1353 2670 glumae
1384 2611 1474 2653 loco
1506 2614 1733 2654 convenire
1764 2609 1945 2653 videtur.

201 2756 581 2812 Subtribus
642 2764 760 2814 III.
875 2763 1212 2881 Pgspalegg.8
1250 2779 1263 2786 ·”
1299 2761 1523 2811 GRISEB.
1579 2759 1764 2826 spicil.
1816 2776 1943 2810 rum.

963 2871 979 2892 ,
1015 2851 1066 2898 ρ.
1215 2872 1224 2881 .
1252 2851 1257 2861 ·

314 2930 510 2989 Spiculae
542 2934 668 2977 dorso
699 2952 924 2990 convexae,
956 2935 1236 2993 paniculatae,
1271 2934 1463 2986 bissorae,
1499 2933 1606 2975 flore
1636 2934 1834 2975 inferiori
1864 2939 1946 2972 ste·
1980 2978 1984 2979 ⁷

152 3026 155 3027 γ
200 2987 272 3029 rili
304 3005 343 3031 v.
376 2989 709 3047 rudimentario,
753 2995 891 3051 gluma
936 2995 1132 3047 inferiori
1164 2993 1412 3050 plerumque
1443 2992 1634 3035 breviori
1667 3008 1703 3034 v.
1736 2990 1943 3031 abortiva.

197 3044 349 3118 Paleae
380 3046 626 3147 pllerumque
666 3053 981 3111 cartilagineae.
1042 3051 1154 3109 Styli
1196 3051 1497 3105 erectiusculi,
1544 3050 1633 3092 sub—
1665 3051 1782 3106 apice
1824 3046 1945 3089 floris

195 3119 392 3161 ,prommu
414 3109 441 3150 i.
