2067 3340
1062 151 1127 194 48

379 275 538 316 Ordo
570 275 881 318 CXXXIII.
943 273 1292 317 orchideae.
1354 275 1512 316 Juss.
1543 284 1633 321 qen.
1666 289 1707 330 p.
1740 275 1807 315 64.

332 373 480 415 Flores
513 373 877 432 hermaphroditi,
924 373 1200 429 irregulares.
1266 372 1557 415 Perianthium
1591 379 1771 429 varium,
1819 374 1970 415 herba-

216 446 334 473 ceum
368 449 405 474 v.
439 433 700 483 corollinum,
736 433 1095 472 membranaceum
1130 449 1165 473 v.
1199 446 1439 485 carnosum,
1472 433 1658 473 clausum
1693 450 1728 475 v.
1755 433 1968 486 reflexum,

214 494 451 546 persistens
484 501 526 531 et
559 491 810 531 emarcidum
846 506 881 530 v.
915 505 1006 530 cum
1041 495 1185 531 ovario
1218 490 1485 531 articulatum
1519 501 1561 531 et
1595 491 1840 532 deciduum:
1875 507 1970 546 par-

216 549 329 589 tibus
361 554 434 603 2-,
482 553 697 589 rarissime
744 552 970 599 3seriatis,
1014 547 1162 588 liberis
1215 565 1250 589 v.
1292 549 1577 590 diversimode
1617 550 1969 604 cohaerentibus3

214 610 383 663 saepius
429 611 563 648 ovarii
610 609 795 646 torsione
840 610 1148 662 resupinatum.
1211 605 1366 662 Sepala
1399 610 1447 660 3,
1491 607 1580 647 basi
1623 623 1731 649 nunc
1763 606 1969 663 aequalia,

214 680 326 705 nunc
372 669 485 706 varie
531 663 742 721 producta
788 673 829 704 et
863 678 1070 720 expansa,
1114 669 1137 704 2
1184 663 1375 705 lateralia
1421 670 1609 706 torsione
1653 670 1784 708 ovarii
1816 670 1970 718 antica,

216 727 385 763 tertium
410 726 594 763 anticum
618 726 749 763 ovarii
774 726 959 763 torsione
983 721 1173 774 dorsale3
1206 726 1422 763 rarissime
1454 723 1640 777 calyculo
1665 725 1824 778 (calyce
1849 728 1970 775 vero)

214 785 368 823 cincta.
435 780 578 820 Petala
609 785 778 837 saepius
813 784 863 831 3,
910 784 1126 821 rarissime
1165 785 1212 832 l,
1260 780 1413 837 sepalis
1445 785 1726 838 interposita,
1775 781 1970 822 lateralia

215 838 356 895 sepalo
390 837 546 878 don-sali
592 844 760 894 saepius
794 838 973 891 similia,
1021 854 1119 879 raro
1162 839 1295 878 forma
1340 843 1506 880 omnino
1551 842 1745 894 diversa,
1794 845 1968 881 tertium

211 900 432 953 posticum,
467 896 539 938 sed
575 902 763 937 torsione
795 901 926 938 ovarii
959 900 1202 953 saepissime
1236 900 1432 948 anticum,
1473 897 1807 955 polymorpbum,
1840 897 1970 938 label-

212 955 295 994 lum
328 954 499 1008 dietum,
535 959 717 995 caeteris
751 959 919 1011 saepius
954 960 1085 1011 majus
1118 963 1160 995 et
1191 956 1324 995 forma
1357 959 1522 995 omnino
1556 955 1705 997 aliena.
1768 956 1970 996 Columna

210 1011 457 1068 genitalium
480 1029 501 1053 e
525 1012 634 1067 stylo
657 1015 989 1069 staminibnsque
1013 1017 1053 1053 in
1077 1028 1230 1069 eorpus
1254 1012 1434 1054 solidum
1458 1015 1607 1054 confer
1638 1017 1861 1055 ruminatis
1876 1029 1971 1054 con-

211 1070 332 1123 flata,
366 1074 423 1111 ita
457 1080 501 1111 ut
532 1070 601 1112 ille
635 1071 825 1127 ejusdem
858 1073 1007 1112 faciem
1040 1071 1190 1112 labello
1223 1072 1468 1124 obversam,
1502 1071 1605 1112 haec
1637 1072 1843 1113 dorsalem
1877 1087 1971 1112 con-

212 1133 404 1182 stituant,
444 1145 534 1170 cum
568 1135 713 1172 ovario
746 1134 943 1170 continua
976 1139 1017 1170 et
1050 1141 1166 1171 recta
1200 1146 1236 1170 v.
1273 1130 1361 1170 basi
1393 1130 1485 1186 plus
1520 1135 1656 1171 minus
1690 1130 1894 1188 producta
1927 1134 1970 1170 in

211 1188 400 1243 ejusdem
432 1191 631 1229 verticem
665 1188 836 1244 obliqua
870 1205 904 1230 v.
937 1204 1085 1244 prona.
1150 1187 1342 1228 Stamina
1373 1193 1412 1240 3,
1446 1189 1603 1245 sepalis
1637 1193 1842 1245 opposita,
1876 1204 1971 1229 cen-

212 1245 310 1286 trali
342 1255 500 1286 tantum
533 1247 798 1286 antherifero
846 1250 1049 1302 (exceptis
1084 1245 1430 1301 Cypripedieis),
1479 1251 1646 1303 saepius
1690 1249 1971 1288 conferi-umi-

211 1314 331 1354 nata,
375 1303 628 1360 quandoque
662 1315 797 1345 tamen
830 1304 1078 1345 lateralibus
1112 1304 1329 1345 sterilibus
1362 1308 1528 1345 omnino
1561 1305 1737 1357 liberis,
1781 1309 1970 1347 carnosis

212 1379 248 1404 v.
282 1362 549 1418 petaloideiS.
614 1363 810 1404 Anthera
853 1378 964 1403 nunc
999 1361 1254 1414 llocularis,
1303 1366 1473 1419 saepius
1507 1362 1775 1404 bilocularis:
1823 1363 1970 1404 loculis

211 1419 472 1476 simplicibus
506 1437 545 1463 v.
577 1420 926 1471 2—4locellatis‚
973 1420 1094 1461 solito
1127 1437 1205 1477 per
1238 1420 1341 1461 duas
1373 1423 1504 1462 lineas
1537 1421 1695 1463 medias
1727 1421 1970 1474 dehiscens,

211 1493 324 1519 nunc
355 1479 462 1519 facie
504 1478 739 1519 loculorum
783 1479 1011 1536 separabili
1056 1488 1096 1520 et
1144 1477 1304 1520 deflexa
1350 1478 1574 1533 bilabiata3
1619 1484 1865 1522 connectivo
1898 1489 1970 1520 aut

211 1535 529 1578 membranaceo
560 1541 854 1594 inconspicu0‚
887 1547 959 1578 aut
989 1553 1164 1578 carnoso
1197 1547 1238 1577 et
1269 1542 1310 1578 in
1343 1541 1515 1578 cristam
1551 1555 1587 1579 v.
1620 1554 1749 1579 cornu
1782 1549 1969 1591 extenso,

212 1605 355 1636 erecta
398 1604 439 1636 et
483 1595 714 1636 columnam
759 1599 990 1637 terminans
1025 1612 1061 1637 v.
1106 1595 1287 1636 dorsalis
1332 1611 1423 1636 cum
1467 1599 1673 1652 stigmatis
1716 1596 1843 1638 dorso
1876 1597 1971 1637 sub-

210 1652 412 1710 parallela
445 1669 483 1695 v.
519 1652 794 1709 opercularis,
827 1658 869 1694 in
903 1652 1190 1695 elinandrium
1223 1670 1255 1694 s.
1288 1653 1505 1695 columnae
1536 1659 1697 1711 apicem
1729 1665 1970 1697 excavatum

209 1727 359 1769 prona.
421 1710 571 1753 Pollen
606 1728 715 1753 nunc
745 1711 1023 1769 pulvereum,
1054 1728 1163 1753 nunc
1195 1716 1235 1752 in
1267 1712 1457 1769 granulis
1489 1712 1753 1766 adhaerens,
1785 1729 1897 1755 nunc
1928 1717 1969 1753 in

210 1768 410 1811 cuneolos
454 1774 629 1811 materie
661 1769 837 1811 elastica
868 1769 1108 1825 colligatos,
1151 1787 1261 1811 nunc
1295 1775 1336 1811 in
1369 1769 1543 1827 pollinia
1591 1788 1622 1813 S.
1657 1787 1815 1813 massas
1854 1787 1971 1814 cera-

211 1844 308 1869 ceas
339 1844 517 1869 numero
551 1828 747 1869 definitas
779 1831 1201 1870 conferruminatum.
1262 1829 1443 1870 Pollinia
1475 1839 1548 1870 aut
1579 1829 1741 1882 libera,
1782 1840 1853 1871 aut
1885 1846 1974 1871 sae-

209 1890 307 1943 pius
341 1890 519 1927 materie
551 1903 680 1943 supra
712 1887 826 1928 dicta
860 1887 1034 1928 elastica
1068 1886 1279 1944 diapliana
1314 1887 1571 1940 (caudicula)
1610 1903 1816 1941 connexa,
1863 1893 1973 1945 ejus·

209 1960 291 2000 que
325 1960 403 2001 ope
436 1948 644 2002 stigmatis
676 1949 787 2003 apici
818 1961 848 1988 s.
881 1944 1102 2002 glandulae
1135 1945 1272 1987 affixa.
1337 1945 1541 1987 Ovarium
1581 1947 1792 2000 inferum,
1839 1946 1971 1988 unilo-

207 2002 381 2055 culare,
428 2019 450 2043 e
481 2002 682 2060 carpellis
716 2008 740 2045 6
773 2014 998 2057 constans,
1046 2019 1224 2060 quorum
1268 2008 1292 2045 3
1325 2004 1475 2060 petalis
1519 2008 1713 2061 opposita
1753 2004 1970 2061 placentas

208 2060 402 2115 didymas
434 2060 726 2118 polyspermas
758 2062 986 2119 parietales
1017 2073 1199 2119 gerunt,
1233 2063 1502 2118 stigmatibus
1534 2061 1686 2115 nullis,
1720 2062 1816 2104 dum
1849 2066 1874 2102 3
1907 2078 1970 2104 se-

208 2118 316 2176 palis
349 2123 545 2175 opposita
578 2124 619 2160 in
652 2123 847 2176 stigmata
881 2120 1054 2162 totidem
1078 2119 1390 2177 producuntur.
1454 2119 1602 2175 Stylus
1627 2119 1766 2161 nullus
1796 2120 1970 2162 distinc-

209 2185 277 2217 tus
324 2181 426 2228 (nisi
457 2181 499 2218 in
535 2176 793 2235 Cypripedio
827 2177 1128 2235 Neottieisque
1161 2178 1459 2235 quibusdam),
1506 2178 1580 2219 sed
1613 2178 1839 2220 filamentis
1872 2195 1967 2220 con-

206 2236 528 2277 ferruminatus.
591 2236 797 2292 Stigmata
829 2242 996 2290 saepius
1027 2241 1069 2278 in
1105 2236 1267 2278 discum
1301 2252 1511 2278 mucosum
1549 2253 1692 2279 cavum
1726 2253 1840 2279 nunc
1871 2252 1970 2295 pro-

208 2293 748 2348 minentem·conssuentia3
801 2294 969 2336 dorsale
1020 2299 1062 2336 in
1096 2299 1284 2353 margine
1337 2300 1559 2352 superiore
1591 2294 1805 2352 glandulis
1859 2300 1968 2335 1—2

207 2355 248 2393 in
285 2350 470 2393 Vandeis
504 2351 801 2409 Neottieisquc
834 2352 1142 2411 separabilibus
1183 2360 1461 2406 instructum,
1505 2370 1630 2410 saepe
1672 2357 1712 2394 in
1745 2353 1968 2395 rostellum

207 2409 448 2466 elongatum
481 2426 517 2452 v.
552 2409 775 2467 plicatum,
823 2428 858 2453 v.
893 2416 934 2452 in
970 2411 1204 2453 but-siculas
1237 2421 1479 2454 excavatum
1511 2412 1794 2469 productum,
1840 2428 1969 2469 quan-

207 2467 346 2525 doque
378 2472 421 2510 in
456 2468 627 2510 brachia
662 2469 756 2509 bina
789 2469 988 2526 parallela
1023 2487 1060 2514 v.
1093 2470 1363 2527 divergentia
1396 2470 1699 2523 canaliculata‚
1733 2486 1810 2528 ope
1845 2486 1969 2510 mem-

207 2525 364 2567 branae
397 2543 428 2568 s.
462 2525 625 2568 rostelli
656 2527 799 2584 plicati
831 2544 1016 2569 connexa
1060 2539 1298 2582 extensum,
1344 2525 1542 2570 lateralia*
1566 2532 1622 2568 »in
1664 2527 1862 2585 plurimis
1896 2528 1967 2568 ob-

206 2583 366 2640 soleta,
413 2601 526 2626 nunc
569 2585 658 2626 basi
705 2584 847 2626 labelli
879 2585 1124 2644 appendicis
1170 2604 1202 2630 s.
1243 2586 1502 2628 lamellarum
1542 2585 1797 2627 callorumve
1831 2587 1966 2627 forma

208 2642 375 2684 adnata.
440 2642 622 2700 Capsula
656 2659 753 2684 raro
785 2643 1070 2696 indehiscens,
1104 2661 1304 2697 carnosa,
1337 2645 1688 2702 siliquaeformis,
1722 2647 1967 2700 saepissime

205 2703 247 2741 in
281 2701 422 2742 valvas
455 2705 502 2752 6,
536 2705 683 2754 siccas,
716 2701 897 2759 rigidas,
931 2719 1111 2758 quarum
1146 2709 1170 2745 3
1203 2705 1490 2755 seminiferae,
1523 2703 1731 2744 solubilis.
1796 2702 1964 2743 Semina

204 2757 397 2815 plurima,
432 2763 723 2811 minutissima,
749 2769 857 2800 testa
880 2759 969 2801 laxa
992 2760 1230 2813 reticulata,
1254 2777 1351 2802 raro
1374 2770 1468 2803 atra
1491 2770 1725 2813 crustacea,
1759 2777 1963 2802 nonnum-

160 2849 162 2854 ,
205 2831 329 2872 quam
372 2819 414 2857 in
445 2815 550 2857 alam
582 2817 831 2859 circularem
862 2834 1129 2874 compressa3
1173 2820 1344 2875 embryo
1376 2819 1741 2872 exalbuminosus,
1784 2818 1961 2871 solidus,

205 2887 432 2928 carnosus3
465 2873 637 2917 chalaza
668 2880 777 2934 apici
808 2880 979 2918 seminis
1002 2881 1188 2934 proxima
1211 2877 1390 2934 ideoque
1412 2876 1603 2919 radicula
1636 2877 1724 2919 hilo
1747 2880 1960 2933 contigua.

204 2981 440 3029 Tribus
473 2982 511 3030 Ι.
586 2982 922 3030 Malaxide
941 2998 1026 3030 ae.
1100 2985 1407 3047 LINDL.yen.
1446 2987 1496 3030 et
1511 2998 1644 3047 spec.
1666 2981 1813 3030 Orcla.
1847 2988 1956 3046 μδ.

262 3070 411 3113 Pollen
463 3074 505 3112 in
565 3076 712 3114 massis
754 3077 968 3116 cereaceis
1015 3073 1256 3130 (polliniis)
1315 3073 1506 3117 definitis
1552 3074 1814 3126 cohaerens,
1876 3073 1959 3114 tela

261 3133 373 3173 omni
417 3128 616 3173 cellulosa
661 3131 879 3188 superflua
925 3131 1131 3191 adempta.
1220 3132 1417 3177 Anthera
1462 3132 1725 3187 terminalis,
1777 3147 1954 3190 opercu-
