2067 3340
1016 135 1115 181 478

307 254 423 297 Hane
455 256 639 311 speciem
686 269 709 295 a
742 254 786 297 P.
819 252 1213 311 Langsdorffii
1243 254 1365 297 Tam.
1410 252 1626 312 (Androp.
1658 254 1939 313 amplexifolio

191 318 264 370 ej.)
297 328 447 369 separo
479 311 708 353 secundum
741 311 1078 353 observationem
1112 313 1250 355 Trinii
1291 313 1337 364 (l.
1372 315 1451 363 6.),
1495 316 1536 353 in
1570 316 1703 370 stirpe
1740 318 1940 371 japonica

190 370 441 428 pedieellum
474 373 612 427 spicae
634 369 791 411 sterilis
814 369 879 411 vel
912 375 1240 412 minutissimum
1273 387 1364 412 esse
1389 371 1452 412 vel
1484 370 1723 413 abortivum
1747 382 1789 413 et
1813 388 1939 429 prop-

191 441 256 470 ter
287 445 557 484 synonymam
589 432 671 485 ipsi
694 426 901 468 Lucaeam
933 428 1133 485 gracilem
1158 430 1265 470 Krn.
1327 428 1476 470 Altera
1504 433 1680 485 species,
1713 434 1755 471 in
1787 430 1940 471 insulis

190 487 350 543 Capitis
384 486 532 528 viridis
575 503 597 526 a
630 485 679 528 ci.
715 485 900 527 SCHM1DT
948 486 1114 528 detecta
1148 487 1217 538 (P.
1250 486 1443 528 ciliata
1487 491 1540 543 ej.
1574 486 1710 529 Beitr.
1754 504 1794 545 p.
1840 492 1939 541 152)

187 554 229 585 et
263 544 464 585 benevole
499 560 655 585 mecum
687 548 1013 598 communicata,
1047 545 1191 586 habitu
1225 544 1447 598 simillima,
1480 544 1724 586 rudimento
1756 544 1940 602 spiculae

186 601 460 658 pediceliatae
493 604 755 658 stipitiformi
787 617 939 643 revera
972 613 1109 657 caret,
1154 619 1235 658 quo
1268 619 1290 643 a
1321 602 1571 644 charactere
1605 602 1938 644 Saccharearum

185 660 397 702 artificiali
431 664 619 716 exceptIO
651 659 780 701 datur
811 659 1028 702 illusoria:
1063 677 1155 701 nam
1190 665 1357 702 omnino
1388 670 1452 701 est
1483 677 1708 717 congener,
1741 661 1939 718 specifice

185 718 383 760 distincta
425 718 597 774 spiculis
644 717 850 759 rhacheos
882 718 1125 760 internodio
1167 718 1302 775 piloso
1349 717 1477 775 duplo
1508 718 1769 776 longioribus
1809 722 1940 760 arista

185 785 252 817 ter
283 781 495 833 superatis
529 785 570 817 et
602 775 784 833 pilorum
817 776 1019 818 coronula
1052 776 1141 817 basi
1174 780 1342 832 stipatis
1373 776 1595 833 glumaque
1626 779 1824 818 inferiori
1853 776 1941 817 lan-

184 834 597 876 ceolam-attenuata.
661 835 933 876 Structuram
959 834 1145 893 spieulne
1173 839 1254 876 rite
1278 838 1469 891 exposuit
1501 834 1665 887 ΚυΝΤΗ,
1699 834 1750 876 de
1775 833 1940 876 Lucaea

184 892 428 946 disserens,
473 908 694 934 erroneam
727 892 892 945 Trinii,
939 893 989 934 ab
1021 897 1114 950 ipso
1148 893 1300 934 Trinio
1332 891 1548 945 relictam,
1595 909 1716 948 quam
1750 892 1939 933 Sel-lMlD'r

185 950 426 1009 adoptavit,
459 951 570 992 haud
603 951 854 992 confirmare
889 968 1072 1007 possum,
1137 950 1344 992 Lucaea
1376 950 1614 1007 gracilis
1649 949 1756 992 KTH.
1790 949 1936 991 habitu

184 1008 402 1066 paniculae
434 1009 647 1065 graciliori
680 1013 807 1064 magis
841 1008 1007 1050 accedit
1039 1010 1091 1051 ad
1125 1014 1308 1067 speciem
1342 1007 1689 1060 Schmidtianam,
1721 1016 1940 1050 structura

183 1065 235 1107 ad
268 1076 479 1108 nostram:
527 1077 570 1108 at
602 1067 799 1124 specifice
831 1067 1031 1108 distincta
1064 1077 1130 1108 est
1163 1068 1276 1108 foliis
1308 1067 1626 1123 angustioribus
1659 1082 1741 1107 non
1774 1065 1940 1116 eiliatis,

184 1124 357 1181 spiculis
390 1129 520 1166 arista
544 1125 670 1181 duplo
694 1129 907 1180 superatis
931 1124 1138 1167 rhacheos
1162 1125 1446 1167 internodium
1470 1125 1748 1181 aequantibus
1770 1123 1941 1180 glumis-

184 1199 264 1238 que
295 1182 788 1224 lanceolam-attenuatis.
815 1208 865 1214 -
892 1183 1053 1225 Quarta
1087 1188 1252 1239 species
1278 1182 1344 1235 (P.
1379 1182 1673 1240 producta:
1707 1180 1819 1224 foliis
1851 1181 1940 1222 lan-

183 1240 360 1282 ceolatis
391 1240 576 1297 glabris,
608 1240 779 1295 spiculis
812 1241 1017 1282 rhacheos
1051 1241 1293 1282 internodio
1325 1240 1460 1298 piloso
1494 1242 1585 1281 fere
1617 1239 1745 1297 duplo
1777 1239 1941 1294 longio-

184 1299 302 1339 ribus
335 1303 464 1339 arista
497 1297 680 1354 4—-6p10
711 1302 925 1354 superatis
958 1308 998 1339 et
1029 1299 1212 1356 pilorum
1243 1298 1445 1339 coronula
1479 1297 1567 1338 basi
1598 1301 1781 1354 stipatis,
1817 1298 1940 1338 abor-

185 1359 280 1398 tivis
304 1359 345 1396 in
370 1355 624 1412 pedicellum
647 1355 899 1411 quandoque
920 1355 1191 1412 glumiferum
1215 1355 1419 1413 spicuiam
1452 1355 1666 1396 dimidiam
1690 1364 1939 1412 aequantem

182 1413 387 1466 reductis,
419 1412 568 1469 glumis
600 1413 1028 1463 linem-i-lameolatis,
1059 1414 1193 1456 altera
1223 1418 1435 1466 aristata),
1468 1417 1511 1454 in
1545 1412 1683 1454 insula
1704 1413 1862 1455 Luzon
1887 1412 1938 1454 ab

183 1470 488 1512 Eschseholzio
520 1471 644 1523 lecta,
677 1480 811 1512 exstat
842 1475 885 1512 in
919 1471 987 1514 hb.
1023 1471 1123 1514 LED.
1155 1472 1235 1514 sub
1267 1472 1556 1528 designatione
1581 1471 1797 1513 Dimeriae
1828 1468 1940 1512 orni-

184 1529 394 1587 thopodae
426 1528 529 1572 TR.:
575 1541 617 1571 at
649 1528 863 1570 Dimeriae
895 1529 1155 1582 Trinianme,
1202 1530 1253 1571 de
1285 1529 1469 1587 quibus,
1501 1547 1553 1571 an
1585 1547 1609 1571 a
1641 1530 1828 1572 Dimeria
1861 1529 1936 1572 BR.

183 1603 230 1629 ex
262 1591 514 1629 auctoritate
548 1587 794 1628 Knnthiana
827 1587 878 1628 ad
911 1587 1194 1646 Pleuroplitin
1229 1588 1489 1631 revocandae
1522 1592 1622 1639 sint,
1653 1587 1808 1629 dubius
1841 1586 1939 1627 hae-

183 1661 283 1698 re0,
329 1662 412 1687 sec.
456 1645 784 1700 descriptionem
819 1645 962 1687 Trinii
1004 1645 1154 1688 rhachi
1197 1650 1395 1688 continua
1441 1655 1483 1687 et
1524 1645 1639 1688 foliis
1677 1648 1871 1702 angustis
1914 1661 1938 1686 a

183 1704 403 1761 speciebus
436 1719 564 1761 supra
587 1703 819 1761 designatis
852 1704 1074 1746 recedunt.
1099 1731 1151 1736 —
1177 1704 1296 1746 Duae
1327 1704 1509 1761 denique
1541 1707 1705 1762 species
1736 1707 1778 1745 in
1801 1703 1937 1758 Abys-

184 1765 289 1803 sinia
321 1778 516 1804 creseere
550 1760 762 1815 videntur,
795 1762 928 1805 altera
953 1763 1238 1813 (Alectoridia
1263 1764 1546 1806 ssuartiniana
1570 1761 1776 1805 R1en.,Fl.
1801 1762 1935 1814 uby-98.

182 1822 232 1872 2,
266 1837 305 1877 p.
337 1825 446 1873 447,
481 1829 509 1860 t.
548 1825 646 1873 102)
679 1836 726 1861 ex
758 1825 878 1862 icone
911 1821 1090 1878 pulchra
1123 1821 1282 1878 absque
1316 1821 1578 1862 dubitatione
1610 1819 1660 1862 ad
1696 1818 1937 1876 Pleuropli-

183 1878 310 1920 tidem
346 1878 603 1929 reducenda,
635 1877 768 1920 altera
800 1878 1074 1937 (Psiiopogon
1100 1879 1344 1935 Schimperi
1379 1878 1562 1921 HocHsT.
1596 1894 1663 1935 ap.
1690 1876 1809 1920 Rieu.
1831 1877 1857 1921 Ι.
1880 1880 1935 1930 c.)

182 1937 233 1978 ab
264 1940 355 1993 ipso
389 1935 745 1978 Richardio·cum
777 1954 851 1979 sua
884 1941 1018 1995 stirpe
1052 1948 1307 1996 comparata.

307 2065 632 2110 Graminearum
667 2066 824 2111 Florae
858 2068 1046 2112 rossinae
1081 2067 1315 2113 distributio
1352 2066 1491 2126 quoad
1527 2066 1807 2112 durationem.

485 2233 843 2278 Regiones.
1082 2189 1087 2323 Ι
1169 2237 1204 2271 b.
1277 2190 1282 2321 1
1361 2240 1400 2274 21.
1551 2234 1604 2276 Θ.
1671 2191 1676 2323 l
1750 2235 1800 2274 Θ.

249 2367 379 2402 Rossia
404 2368 538 2402 arctina
608 2393 1031 2405 ........
1159 2387 1203 2393 -
1359 2373 1400 2403 61
1579 2375 1594 2404 1
1774 2374 1790 2402 1

249 2414 382 2448 Bossia
409 2415 699 2460 septentrionalis
726 2440 1030 2452 ......
1166 2434 1199 2440 —-
1359 2420 1401 2451 66
1577 2421 1626 2449 3’“
1672 2451 1673 2454 ,
1772 2418 1792 2447 8

250 2460 380 2495 Rossia
405 2461 517 2495 media
555 2486 1031 2498 .........
1162 2481 1202 2487 -
1337 2466 1401 2496 104
1576 2467 1596 2495 6
1672 2468 1673 2474 ’
1749 2467 1792 2495 27

250 2505 380 2541 Rossia
404 2509 579 2544 australis
613 2532 1031 2544 ........
1185 2515 1201 2543 1
1356 2511 1399 2541 88
1575 2511 1595 2540 8
1672 2532 1673 2550 3
1748 2512 1791 2540 43

251 2553 383 2587 Tauria
431 2579 1030 2591 ...........
1063 2570 1074 2573 -·
1162 2573 1202 2578 -
1357 2558 1399 2587 57
1577 2559 1594 2587 7
1672 2552 1673 2594 J
1749 2555 1791 2585 55

250 2597 461 2635 Provinciae
487 2602 694 2636 caucasicae
730 2626 1030 2638 ......
1186 2606 1201 2634 1
1336 2604 1398 2633 126
1554 2604 1595 2633 10
1672 2606 1673 2619 ³
1747 2601 1790 2633 81

252 2643 388 2678 Sibiria
413 2648 594 2683 uralensis
613 2672 1029 2683 ........
1162 2664 1196 2670 -
1358 2650 1398 2678 75
1575 2649 1594 2678 6
1671 2653 1673 2674 τ
1750 2649 1791 2678 15

252 2690 390 2725 Sibiria
415 2693 542 2728 altaica
609 2716 1029 2729 ........
1160 2710 1203 2717 -·
1335 2696 1399 2726 110
1457 2720 1467 2727 ,
1573 2695 1596 2724 4
1671 2698 1672 2725 ζ
1748 2695 1792 2725 20

253 2735 387 2770 Sibiria
411 2739 629 2776 baikalensis
672 2764 1028 2778 .......
1159 2756 1199 2762 --
1357 2743 1398 2772 77
1574 2742 1594 2770 2
1670 2743 1672 2782 j
1772 2740 1791 2769 7

251 2783 412 2816 Davuria
438 2802 1083 2822 ...........
1158 2803 1198 2809 —-
1355 2789 1395 2818 51
1576 2788 1592 2816 1
1670 2785 1672 2803 ²
1771 2783 1791 2815 2

253 2827 391 2862 Sibiria
416 2831 599 2868 orientalis
669 2855 1025 2869 .......
1161 2848 1194 2853 -
1355 2835 1398 2864 39
1576 2834 1591 2863 1
1670 2807 1672 2864 i
1769 2831 1791 2861 4

251 2874 365 2908 Terra
389 2875 711 2915 Tsehuktschorum
727 2901 1028 2915 ......
1158 2895 1197 2901 —
1378 2882 1397 2910 2
1552 2892 1592 2898 —
1670 2874 1672 2876 ’
1747 2882 1792 2898 -“

252 2920 388 2955 Sibiria
413 2924 539 2958 art-,tica
553 2949 1026 2962 .........
1040 2932 1042 2935 ·
1157 2941 1197 2947 -
1356 2928 1395 2957 13
1551 2939 1590 2945 --
1669 2879 1672 2978 Ι
1747 2937 1787 2943 -

253 2968 506 3002 Kamtschatka
554 2995 1026 3008 .........
1158 2987 1197 2993 ·-
1353 2976 1396 3005 25
1575 2974 1589 3001 l
1747 2983 1792 2999 *⁹-

251 3013 392 3047 Insulae
418 3017 541 3049 oceani
567 3018 750 3054 orientalis
786 3041 1024 3054 .....
1182 3021 1197 3048 l
1354 3021 1395 3049 37
1575 3020 1588 3047 1
1747 3029 1786 3035 —

251 3060 412 3095 America
437 3062 579 3098 rossica
611 3088 619 3098 .
669 3092 676 3100 .
727 3091 735 3100 .
785 3088 794 3098 .
843 3072 852 3080 ·
1156 3079 1199 3087 —
1353 3066 1396 3095 26
1551 3076 1587 3083 —
1745 3075 1787 3082 —-

251 3115 397 3153 Summa
431 3142 1024 3159 ...........
1178 3126 1198 3155 3
1265 3151 1269 3157 ,
1329 3123 1394 3154 247
